<record><leader>00000cas a2200000 a 4500</leader><controlfield tag="001">22465019</controlfield><controlfield tag="008">901003d18811899iluwr ne      0   a0eng c</controlfield><datafield ind1=" " ind2=" " tag="010"><subfield code="a">sn 90054800 </subfield></datafield><datafield ind1=" " ind2=" " tag="040"><subfield code="a">NVF</subfield><subfield code="b">eng</subfield><subfield code="c">NVF</subfield><subfield code="d">OCL</subfield><subfield code="d">NVF</subfield><subfield code="d">OCLCQ</subfield><subfield code="d">NVF</subfield><subfield code="d">OCLCF</subfield><subfield code="d">OCLCO</subfield><subfield code="d">NVF</subfield></datafield><datafield ind1=" " ind2=" " tag="042"><subfield code="a">pcc</subfield></datafield><datafield ind1=" " ind2=" " tag="043"><subfield code="a">n-us-il</subfield></datafield><datafield ind1="0" ind2=" " tag="130"><subfield code="a">Acorn (Marshall, Ill.)</subfield></datafield><datafield ind1="1" ind2="4" tag="245"><subfield code="a">The acorn.</subfield></datafield><datafield ind1=" " ind2=" " tag="260"><subfield code="a">Marshall, Clark County, Ill. :</subfield><subfield code="b">Acorn Pub. Co.</subfield></datafield><datafield ind1=" " ind2=" " tag="300"><subfield code="a">v. ;</subfield><subfield code="c">15 x 22 cm.</subfield></datafield><datafield ind1=" " ind2=" " tag="310"><subfield code="a">Weekly</subfield></datafield><datafield ind1="1" ind2=" " tag="362"><subfield code="a">Began in 1881; ceased in 1899.</subfield><subfield code="z">Cf. N.W. Ayer &amp; Son's American newspaper annual.</subfield></datafield><datafield ind1=" " ind2=" " tag="500"><subfield code="a">Editor and publisher: J. J. Sewell, &lt;1897&gt;-1899.</subfield></datafield><datafield ind1=" " ind2=" " tag="500"><subfield code="a">"Populist." Cf. N.W. Ayer &amp; Son's American newspaper annual.</subfield></datafield><datafield ind1=" " ind2=" " tag="588"><subfield code="a">Description based on: Vol. 19, no. 19 (May 12, 1899).</subfield></datafield><datafield ind1=" " ind2=" " tag="588"><subfield code="a">Latest issue consulted: Vol. 19, no. 19 (May 12, 1899).</subfield></datafield><datafield ind1=" " ind2="0" tag="651"><subfield code="a">Marshall (Ill.)</subfield><subfield code="v">Newspapers.</subfield></datafield><datafield ind1=" " ind2="7" tag="651"><subfield code="a">Illinois</subfield><subfield code="z">Marshall.</subfield><subfield code="2">fast</subfield><subfield code="0">(OCoLC)fst01226728</subfield></datafield><datafield ind1=" " ind2="7" tag="655"><subfield code="a">Newspapers.</subfield><subfield code="2">fast</subfield><subfield code="0">(OCoLC)fst01423814</subfield></datafield><datafield ind1=" " ind2=" " tag="752"><subfield code="a">United States</subfield><subfield code="b">Illinois</subfield><subfield code="c">Clark</subfield><subfield code="d">Marshall.</subfield></datafield><datafield ind1="0" ind2="0" tag="785"><subfield code="t">Clark County acorn</subfield><subfield code="w">(DLC)  2014271540</subfield><subfield code="w">(OCoLC)905858010</subfield></datafield><datafield ind1="1" ind2=" " tag="029"><subfield code="a">AU@</subfield><subfield code="b">000020225206</subfield></datafield></record>